%YAML 1.1
%TAG !u! tag:unity3d.com,2011:
--- !u!29 &1
SceneSettings:
  m_ObjectHideFlags: 0
  m_PVSData: 
  m_PVSObjectsArray: []
  m_PVSPortalsArray: []
  m_OcclusionBakeSettings:
    smallestOccluder: 5
    smallestHole: .25
    backfaceThreshold: 100
--- !u!104 &2
RenderSettings:
  m_ObjectHideFlags: 0
  serializedVersion: 6
  m_Fog: 0
  m_FogColor: {r: .5, g: .5, b: .5, a: 1}
  m_FogMode: 3
  m_FogDensity: .00999999978
  m_LinearFogStart: 0
  m_LinearFogEnd: 300
  m_AmbientSkyColor: {r: .211999997, g: .226999998, b: .259000003, a: 1}
  m_AmbientEquatorColor: {r: .114, g: .125, b: .133000001, a: 1}
  m_AmbientGroundColor: {r: .0469999984, g: .0430000015, b: .0350000001, a: 1}
  m_AmbientIntensity: 1
  m_AmbientMode: 0
  m_SkyboxMaterial: {fileID: 2100000, guid: e9705e00f62f62849b89fc9fd55aa0e3, type: 2}
  m_HaloStrength: .5
  m_FlareStrength: 1
  m_FlareFadeSpeed: 3
  m_HaloTexture: {fileID: 0}
  m_SpotCookie: {fileID: 10001, guid: 0000000000000000e000000000000000, type: 0}
  m_DefaultReflectionMode: 0
  m_DefaultReflectionResolution: 128
  m_ReflectionBounces: 1
  m_ReflectionIntensity: 1
  m_CustomReflection: {fileID: 0}
  m_Sun: {fileID: 0}
--- !u!157 &3
LightmapSettings:
  m_ObjectHideFlags: 0
  serializedVersion: 5
  m_GIWorkflowMode: 0
  m_LightmapsMode: 1
  m_GISettings:
    serializedVersion: 2
    m_BounceScale: 1
    m_IndirectOutputScale: 1
    m_AlbedoBoost: 1
    m_TemporalCoherenceThreshold: 1
    m_EnvironmentLightingMode: 0
    m_EnableBakedLightmaps: 1
    m_EnableRealtimeLightmaps: 1
  m_LightmapEditorSettings:
    serializedVersion: 3
    m_Resolution: 2
    m_BakeResolution: 40
    m_TextureWidth: 1024
    m_TextureHeight: 1024
    m_AOMaxDistance: 1
    m_Padding: 2
    m_CompAOExponent: 0
    m_LightmapParameters: {fileID: 0}
    m_TextureCompression: 1
    m_FinalGather: 0
    m_FinalGatherRayCount: 1024
    m_ReflectionCompression: 2
  m_LightmapSnapshot: {fileID: 0}
  m_RuntimeCPUUsage: 25
--- !u!196 &4
NavMeshSettings:
  serializedVersion: 2
  m_ObjectHideFlags: 0
  m_BuildSettings:
    serializedVersion: 2
    agentRadius: .5
    agentHeight: 2
    agentSlope: 45
    agentClimb: .400000006
    ledgeDropHeight: 0
    maxJumpAcrossDistance: 0
    accuratePlacement: 0
    minRegionArea: 2
    cellSize: .166666672
    manualCellSize: 0
  m_NavMeshData: {fileID: 0}
--- !u!1001 &50314367
Prefab:
  m_ObjectHideFlags: 0
  serializedVersion: 2
  m_Modification:
    m_TransformParent: {fileID: 1343370337}
    m_Modifications:
    - target: {fileID: 400000, guid: 58d5a79cd6ee64145beb23ba2736006f, type: 3}
      propertyPath: m_LocalPosition.x
      value: 1.50009823
      objectReference: {fileID: 0}
    - target: {fileID: 400000, guid: 58d5a79cd6ee64145beb23ba2736006f, type: 3}
      propertyPath: m_LocalPosition.y
      value: -.904660046
      objectReference: {fileID: 0}
    - target: {fileID: 400000, guid: 58d5a79cd6ee64145beb23ba2736006f, type: 3}
      propertyPath: m_LocalPosition.z
      value: 3.2140038
      objectReference: {fileID: 0}
    - target: {fileID: 400000, guid: 58d5a79cd6ee64145beb23ba2736006f, type: 3}
      propertyPath: m_LocalRotation.x
      value: -.500028253
      objectReference: {fileID: 0}
    - target: {fileID: 400000, guid: 58d5a79cd6ee64145beb23ba2736006f, type: 3}
      propertyPath: m_LocalRotation.y
      value: .499971718
      objectReference: {fileID: 0}
    - target: {fileID: 400000, guid: 58d5a79cd6ee64145beb23ba2736006f, type: 3}
      propertyPath: m_LocalRotation.z
      value: .50002718
      objectReference: {fileID: 0}
    - target: {fileID: 400000, guid: 58d5a79cd6ee64145beb23ba2736006f, type: 3}
      propertyPath: m_LocalRotation.w
      value: .499972969
      objectReference: {fileID: 0}
    - target: {fileID: 400000, guid: 58d5a79cd6ee64145beb23ba2736006f, type: 3}
      propertyPath: m_RootOrder
      value: 0
      objectReference: {fileID: 0}
    - target: {fileID: 400000, guid: 58d5a79cd6ee64145beb23ba2736006f, type: 3}
      propertyPath: m_LocalScale.x
      value: 1.80933499
      objectReference: {fileID: 0}
    - target: {fileID: 400000, guid: 58d5a79cd6ee64145beb23ba2736006f, type: 3}
      propertyPath: m_LocalScale.y
      value: 1.80933547
      objectReference: {fileID: 0}
    - target: {fileID: 400000, guid: 58d5a79cd6ee64145beb23ba2736006f, type: 3}
      propertyPath: m_LocalScale.z
      value: 1.80933547
      objectReference: {fileID: 0}
    - target: {fileID: 100000, guid: 58d5a79cd6ee64145beb23ba2736006f, type: 3}
      propertyPath: m_IsActive
      value: 1
      objectReference: {fileID: 0}
    - target: {fileID: 2300000, guid: 58d5a79cd6ee64145beb23ba2736006f, type: 3}
      propertyPath: m_Materials.Array.data[0]
      value: 
      objectReference: {fileID: 2100000, guid: d719c750782e09e43a1f36077c2efcf3, type: 2}
    m_RemovedComponents:
    - {fileID: 9500000, guid: 58d5a79cd6ee64145beb23ba2736006f, type: 3}
  m_ParentPrefab: {fileID: 100100000, guid: 58d5a79cd6ee64145beb23ba2736006f, type: 3}
  m_IsPrefabParent: 0
--- !u!1 &217341124
GameObject:
  m_ObjectHideFlags: 0
  m_PrefabParentObject: {fileID: 0}
  m_PrefabInternal: {fileID: 0}
  serializedVersion: 4
  m_Component:
  - 4: {fileID: 217341128}
  - 33: {fileID: 217341127}
  - 65: {fileID: 217341126}
  - 23: {fileID: 217341125}
  m_Layer: 0
  m_Name: Cube (1)
  m_TagString: Untagged
  m_Icon: {fileID: 0}
  m_NavMeshLayer: 0
  m_StaticEditorFlags: 4294967295
  m_IsActive: 1
--- !u!23 &217341125
MeshRenderer:
  m_ObjectHideFlags: 0
  m_PrefabParentObject: {fileID: 0}
  m_PrefabInternal: {fileID: 0}
  m_GameObject: {fileID: 217341124}
  m_Enabled: 1
  m_CastShadows: 1
  m_ReceiveShadows: 1
  m_Materials:
  - {fileID: 2100000, guid: 42db4e0d9d8578d49a84dbf15b032418, type: 2}
  m_SubsetIndices: 
  m_StaticBatchRoot: {fileID: 0}
  m_UseLightProbes: 1
  m_ReflectionProbeUsage: 1
  m_ProbeAnchor: {fileID: 0}
  m_ScaleInLightmap: 1
  m_PreserveUVs: 1
  m_ImportantGI: 0
  m_AutoUVMaxDistance: .5
  m_AutoUVMaxAngle: 89
  m_LightmapParameters: {fileID: 0}
  m_SortingLayerID: 0
  m_SortingOrder: 0
--- !u!65 &217341126
BoxCollider:
  m_ObjectHideFlags: 0
  m_PrefabParentObject: {fileID: 0}
  m_PrefabInternal: {fileID: 0}
  m_GameObject: {fileID: 217341124}
  m_Material: {fileID: 0}
  m_IsTrigger: 0
  m_Enabled: 1
  serializedVersion: 2
  m_Size: {x: 1, y: 1, z: 1}
  m_Center: {x: 0, y: 0, z: 0}
--- !u!33 &217341127
MeshFilter:
  m_ObjectHideFlags: 0
  m_PrefabParentObject: {fileID: 0}
  m_PrefabInternal: {fileID: 0}
  m_GameObject: {fileID: 217341124}
  m_Mesh: {fileID: 10202, guid: 0000000000000000e000000000000000, type: 0}
--- !u!4 &217341128
Transform:
  m_ObjectHideFlags: 0
  m_PrefabParentObject: {fileID: 0}
  m_PrefabInternal: {fileID: 0}
  m_GameObject: {fileID: 217341124}
  m_LocalRotation: {x: 0, y: 0, z: 0, w: 1}
  m_LocalPosition: {x: 204.559998, y: 5.9000001, z: 155.580002}
  m_LocalScale: {x: 8.33704758, y: 8.33704567, z: 8.33704567}
  m_Children: []
  m_Father: {fileID: 0}
  m_RootOrder: 3
--- !u!1001 &248652272
Prefab:
  m_ObjectHideFlags: 0
  serializedVersion: 2
  m_Modification:
    m_TransformParent: {fileID: 0}
    m_Modifications:
    - target: {fileID: 408872, guid: 37adc3dda480766408acc5562cac5f58, type: 2}
      propertyPath: m_LocalPosition.x
      value: 209
      objectReference: {fileID: 0}
    - target: {fileID: 408872, guid: 37adc3dda480766408acc5562cac5f58, type: 2}
      propertyPath: m_LocalPosition.y
      value: 34
      objectReference: {fileID: 0}
    - target: {fileID: 408872, guid: 37adc3dda480766408acc5562cac5f58, type: 2}
      propertyPath: m_LocalPosition.z
      value: 163
      objectReference: {fileID: 0}
    - target: {fileID: 408872, guid: 37adc3dda480766408acc5562cac5f58, type: 2}
      propertyPath: m_LocalRotation.x
      value: 0
      objectReference: {fileID: 0}
    - target: {fileID: 408872, guid: 37adc3dda480766408acc5562cac5f58, type: 2}
      propertyPath: m_LocalRotation.y
      value: 0
      objectReference: {fileID: 0}
    - target: {fileID: 408872, guid: 37adc3dda480766408acc5562cac5f58, type: 2}
      propertyPath: m_LocalRotation.z
      value: 0
      objectReference: {fileID: 0}
    - target: {fileID: 408872, guid: 37adc3dda480766408acc5562cac5f58, type: 2}
      propertyPath: m_LocalRotation.w
      value: 1
      objectReference: {fileID: 0}
    - target: {fileID: 408872, guid: 37adc3dda480766408acc5562cac5f58, type: 2}
      propertyPath: m_RootOrder
      value: 1
      objectReference: {fileID: 0}
    - target: {fileID: 139522, guid: 37adc3dda480766408acc5562cac5f58, type: 2}
      propertyPath: m_Name
      value: Enemy (2)
      objectReference: {fileID: 0}
    m_RemovedComponents: []
  m_ParentPrefab: {fileID: 100100000, guid: 37adc3dda480766408acc5562cac5f58, type: 2}
  m_IsPrefabParent: 0
--- !u!1 &425497074
GameObject:
  m_ObjectHideFlags: 0
  m_PrefabParentObject: {fileID: 0}
  m_PrefabInternal: {fileID: 0}
  serializedVersion: 4
  m_Component:
  - 4: {fileID: 425497079}
  - 20: {fileID: 425497078}
  - 92: {fileID: 425497077}
  - 124: {fileID: 425497076}
  - 81: {fileID: 425497075}
  m_Layer: 0
  m_Name: Main Camera
  m_TagString: MainCamera
  m_Icon: {fileID: 0}
  m_NavMeshLayer: 0
  m_StaticEditorFlags: 0
  m_IsActive: 1
--- !u!81 &425497075
AudioListener:
  m_ObjectHideFlags: 0
  m_PrefabParentObject: {fileID: 0}
  m_PrefabInternal: {fileID: 0}
  m_GameObject: {fileID: 425497074}
  m_Enabled: 1
--- !u!124 &425497076
Behaviour:
  m_ObjectHideFlags: 0
  m_PrefabParentObject: {fileID: 0}
  m_PrefabInternal: {fileID: 0}
  m_GameObject: {fileID: 425497074}
  m_Enabled: 1
--- !u!92 &425497077
Behaviour:
  m_ObjectHideFlags: 0
  m_PrefabParentObject: {fileID: 0}
  m_PrefabInternal: {fileID: 0}
  m_GameObject: {fileID: 425497074}
  m_Enabled: 1
--- !u!20 &425497078
Camera:
  m_ObjectHideFlags: 0
  m_PrefabParentObject: {fileID: 0}
  m_PrefabInternal: {fileID: 0}
  m_GameObject: {fileID: 425497074}
  m_Enabled: 1
  serializedVersion: 2
  m_ClearFlags: 1
  m_BackGroundColor: {r: .192156866, g: .301960796, b: .474509805, a: .0196078438}
  m_NormalizedViewPortRect:
    serializedVersion: 2
    x: 0
    y: 0
    width: 1
    height: 1
  near clip plane: .300000012
  far clip plane: 1000
  field of view: 60
  orthographic: 0
  orthographic size: 5
  m_Depth: -1
  m_CullingMask:
    serializedVersion: 2
    m_Bits: 4294967295
  m_RenderingPath: -1
  m_TargetTexture: {fileID: 0}
  m_TargetDisplay: 0
  m_TargetEye: 3
  m_HDR: 0
  m_OcclusionCulling: 1
  m_StereoConvergence: 10
  m_StereoSeparation: .0219999999
  m_StereoMirrorMode: 0
--- !u!4 &425497079
Transform:
  m_ObjectHideFlags: 0
  m_PrefabParentObject: {fileID: 0}
  m_PrefabInternal: {fileID: 0}
  m_GameObject: {fileID: 425497074}
  m_LocalRotation: {x: .135997787, y: -1.24657527e-06, z: -1.11980671e-06, w: .990709186}
  m_LocalPosition: {x: .980036557, y: 8.07000065, z: -15.6499872}
  m_LocalScale: {x: 4.36808825, y: 4.36808825, z: 4.36808777}
  m_Children: []
  m_Father: {fileID: 1343370337}
  m_RootOrder: 1
--- !u!1 &432429040
GameObject:
  m_ObjectHideFlags: 0
  m_PrefabParentObject: {fileID: 0}
  m_PrefabInternal: {fileID: 0}
  serializedVersion: 4
  m_Component:
  - 4: {fileID: 432429044}
  - 33: {fileID: 432429043}
  - 65: {fileID: 432429042}
  - 23: {fileID: 432429041}
  m_Layer: 0
  m_Name: Cube
  m_TagString: Untagged
  m_Icon: {fileID: 0}
  m_NavMeshLayer: 0
  m_StaticEditorFlags: 4294967295
  m_IsActive: 1
--- !u!23 &432429041
MeshRenderer:
  m_ObjectHideFlags: 0
  m_PrefabParentObject: {fileID: 0}
  m_PrefabInternal: {fileID: 0}
  m_GameObject: {fileID: 432429040}
  m_Enabled: 1
  m_CastShadows: 1
  m_ReceiveShadows: 1
  m_Materials:
  - {fileID: 2100000, guid: 42db4e0d9d8578d49a84dbf15b032418, type: 2}
  m_SubsetIndices: 
  m_StaticBatchRoot: {fileID: 0}
  m_UseLightProbes: 1
  m_ReflectionProbeUsage: 1
  m_ProbeAnchor: {fileID: 0}
  m_ScaleInLightmap: 1
  m_PreserveUVs: 1
  m_ImportantGI: 0
  m_AutoUVMaxDistance: .5
  m_AutoUVMaxAngle: 89
  m_LightmapParameters: {fileID: 0}
  m_SortingLayerID: 0
  m_SortingOrder: 0
--- !u!65 &432429042
BoxCollider:
  m_ObjectHideFlags: 0
  m_PrefabParentObject: {fileID: 0}
  m_PrefabInternal: {fileID: 0}
  m_GameObject: {fileID: 432429040}
  m_Material: {fileID: 0}
  m_IsTrigger: 0
  m_Enabled: 1
  serializedVersion: 2
  m_Size: {x: 1, y: 1, z: 1}
  m_Center: {x: 0, y: 0, z: 0}
--- !u!33 &432429043
MeshFilter:
  m_ObjectHideFlags: 0
  m_PrefabParentObject: {fileID: 0}
  m_PrefabInternal: {fileID: 0}
  m_GameObject: {fileID: 432429040}
  m_Mesh: {fileID: 10202, guid: 0000000000000000e000000000000000, type: 0}
--- !u!4 &432429044
Transform:
  m_ObjectHideFlags: 0
  m_PrefabParentObject: {fileID: 0}
  m_PrefabInternal: {fileID: 0}
  m_GameObject: {fileID: 432429040}
  m_LocalRotation: {x: 0, y: 0, z: 0, w: 1}
  m_LocalPosition: {x: 214, y: 5.9000001, z: 145}
  m_LocalScale: {x: 8.33704758, y: 8.33704567, z: 8.33704567}
  m_Children: []
  m_Father: {fileID: 0}
  m_RootOrder: 6
--- !u!1 &724541229
GameObject:
  m_ObjectHideFlags: 0
  m_PrefabParentObject: {fileID: 0}
  m_PrefabInternal: {fileID: 0}
  serializedVersion: 4
  m_Component:
  - 4: {fileID: 724541230}
  m_Layer: 0
  m_Name: Spawn
  m_TagString: Untagged
  m_Icon: {fileID: 0}
  m_NavMeshLayer: 0
  m_StaticEditorFlags: 0
  m_IsActive: 1
--- !u!4 &724541230
Transform:
  m_ObjectHideFlags: 0
  m_PrefabParentObject: {fileID: 0}
  m_PrefabInternal: {fileID: 0}
  m_GameObject: {fileID: 724541229}
  m_LocalRotation: {x: 0, y: 0, z: 0, w: 1}
  m_LocalPosition: {x: 2.71000004, y: 4.03999996, z: 13.3000002}
  m_LocalScale: {x: 1, y: 1, z: 1}
  m_Children: []
  m_Father: {fileID: 1343370337}
  m_RootOrder: 2
--- !u!4 &1096433150 stripped
Transform:
  m_PrefabParentObject: {fileID: 400000, guid: 58d5a79cd6ee64145beb23ba2736006f, type: 3}
  m_PrefabInternal: {fileID: 50314367}
--- !u!1 &1343370334
GameObject:
  m_ObjectHideFlags: 0
  m_PrefabParentObject: {fileID: 0}
  m_PrefabInternal: {fileID: 0}
  serializedVersion: 4
  m_Component:
  - 4: {fileID: 1343370337}
  - 143: {fileID: 1343370336}
  - 114: {fileID: 1343370335}
  - 114: {fileID: 1343370338}
  m_Layer: 0
  m_Name: Player
  m_TagString: Untagged
  m_Icon: {fileID: -964228994112308473, guid: 0000000000000000d000000000000000, type: 0}
  m_NavMeshLayer: 0
  m_StaticEditorFlags: 0
  m_IsActive: 1
--- !u!114 &1343370335
MonoBehaviour:
  m_ObjectHideFlags: 0
  m_PrefabParentObject: {fileID: 0}
  m_PrefabInternal: {fileID: 0}
  m_GameObject: {fileID: 1343370334}
  m_Enabled: 1
  m_EditorHideFlags: 0
  m_Script: {fileID: 11500000, guid: 7f0e60c237372844c97e94cab6e9039a, type: 3}
  m_Name: 
  m_EditorClassIdentifier: 
  bulletSpawn: {fileID: 724541230}
  bulletPrefab: {fileID: 11492602, guid: daf43fb968b547c40a14bda91003e687, type: 2}
  speed: 100
  rotationSpeed: 145
  score: 0
--- !u!143 &1343370336
CharacterController:
  m_ObjectHideFlags: 0
  m_PrefabParentObject: {fileID: 0}
  m_PrefabInternal: {fileID: 0}
  m_GameObject: {fileID: 1343370334}
  m_Material: {fileID: 0}
  m_IsTrigger: 0
  m_Enabled: 1
  serializedVersion: 2
  m_Height: 11.21
  m_Radius: 9.88000011
  m_SlopeLimit: 45
  m_StepOffset: .300000012
  m_SkinWidth: .0799999982
  m_MinMoveDistance: .00100000005
  m_Center: {x: 0, y: 0, z: 0}
--- !u!4 &1343370337
Transform:
  m_ObjectHideFlags: 0
  m_PrefabParentObject: {fileID: 0}
  m_PrefabInternal: {fileID: 0}
  m_GameObject: {fileID: 1343370334}
  m_LocalRotation: {x: 0, y: 0, z: 0, w: 1}
  m_LocalPosition: {x: 223, y: 34, z: 137}
  m_LocalScale: {x: .228933096, y: .228933066, z: .228933066}
  m_Children:
  - {fileID: 1096433150}
  - {fileID: 425497079}
  - {fileID: 724541230}
  m_Father: {fileID: 0}
  m_RootOrder: 4
--- !u!114 &1343370338
MonoBehaviour:
  m_ObjectHideFlags: 0
  m_PrefabParentObject: {fileID: 0}
  m_PrefabInternal: {fileID: 0}
  m_GameObject: {fileID: 1343370334}
  m_Enabled: 1
  m_EditorHideFlags: 0
  m_Script: {fileID: 11500000, guid: c89115bc7f173c64c9930e6b34257178, type: 3}
  m_Name: 
  m_EditorClassIdentifier: 
  life: 666
--- !u!1001 &1392042757
Prefab:
  m_ObjectHideFlags: 0
  serializedVersion: 2
  m_Modification:
    m_TransformParent: {fileID: 0}
    m_Modifications:
    - target: {fileID: 408872, guid: 37adc3dda480766408acc5562cac5f58, type: 2}
      propertyPath: m_LocalPosition.x
      value: 229
      objectReference: {fileID: 0}
    - target: {fileID: 408872, guid: 37adc3dda480766408acc5562cac5f58, type: 2}
      propertyPath: m_LocalPosition.y
      value: 33
      objectReference: {fileID: 0}
    - target: {fileID: 408872, guid: 37adc3dda480766408acc5562cac5f58, type: 2}
      propertyPath: m_LocalPosition.z
      value: 157
      objectReference: {fileID: 0}
    - target: {fileID: 408872, guid: 37adc3dda480766408acc5562cac5f58, type: 2}
      propertyPath: m_LocalRotation.x
      value: 0
      objectReference: {fileID: 0}
    - target: {fileID: 408872, guid: 37adc3dda480766408acc5562cac5f58, type: 2}
      propertyPath: m_LocalRotation.y
      value: 0
      objectReference: {fileID: 0}
    - target: {fileID: 408872, guid: 37adc3dda480766408acc5562cac5f58, type: 2}
      propertyPath: m_LocalRotation.z
      value: 0
      objectReference: {fileID: 0}
    - target: {fileID: 408872, guid: 37adc3dda480766408acc5562cac5f58, type: 2}
      propertyPath: m_LocalRotation.w
      value: 1
      objectReference: {fileID: 0}
    - target: {fileID: 408872, guid: 37adc3dda480766408acc5562cac5f58, type: 2}
      propertyPath: m_RootOrder
      value: 0
      objectReference: {fileID: 0}
    - target: {fileID: 139522, guid: 37adc3dda480766408acc5562cac5f58, type: 2}
      propertyPath: m_Name
      value: Enemy (1)
      objectReference: {fileID: 0}
    - target: {fileID: 134386, guid: 37adc3dda480766408acc5562cac5f58, type: 2}
      propertyPath: m_IsActive
      value: 1
      objectReference: {fileID: 0}
    m_RemovedComponents: []
  m_ParentPrefab: {fileID: 100100000, guid: 37adc3dda480766408acc5562cac5f58, type: 2}
  m_IsPrefabParent: 0
--- !u!1 &1433967703
GameObject:
  m_ObjectHideFlags: 0
  m_PrefabParentObject: {fileID: 0}
  m_PrefabInternal: {fileID: 0}
  serializedVersion: 4
  m_Component:
  - 4: {fileID: 1433967705}
  - 108: {fileID: 1433967704}
  m_Layer: 0
  m_Name: Directional light
  m_TagString: Untagged
  m_Icon: {fileID: 0}
  m_NavMeshLayer: 0
  m_StaticEditorFlags: 4294967295
  m_IsActive: 1
--- !u!108 &1433967704
Light:
  m_ObjectHideFlags: 0
  m_PrefabParentObject: {fileID: 0}
  m_PrefabInternal: {fileID: 0}
  m_GameObject: {fileID: 1433967703}
  m_Enabled: 1
  serializedVersion: 6
  m_Type: 1
  m_Color: {r: 1, g: 1, b: 1, a: 1}
  m_Intensity: 1
  m_Range: 10
  m_SpotAngle: 30
  m_CookieSize: 10
  m_Shadows:
    m_Type: 0
    m_Resolution: -1
    m_Strength: 1
    m_Bias: .0500000007
    m_NormalBias: .400000006
  m_Cookie: {fileID: 0}
  m_DrawHalo: 0
  m_Flare: {fileID: 0}
  m_RenderMode: 0
  m_CullingMask:
    serializedVersion: 2
    m_Bits: 4294967295
  m_Lightmapping: 4
  m_BounceIntensity: 1
  m_ShadowRadius: 0
  m_ShadowAngle: 0
  m_AreaSize: {x: 1, y: 1}
--- !u!4 &1433967705
Transform:
  m_ObjectHideFlags: 0
  m_PrefabParentObject: {fileID: 0}
  m_PrefabInternal: {fileID: 0}
  m_GameObject: {fileID: 1433967703}
  m_LocalRotation: {x: .408217937, y: -.234569728, z: .109381676, w: .875426054}
  m_LocalPosition: {x: 230.69133, y: 9.17748547, z: 289.575287}
  m_LocalScale: {x: 1, y: 1, z: 1}
  m_Children: []
  m_Father: {fileID: 0}
  m_RootOrder: 8
--- !u!1001 &1578047209
Prefab:
  m_ObjectHideFlags: 0
  serializedVersion: 2
  m_Modification:
    m_TransformParent: {fileID: 0}
    m_Modifications:
    - target: {fileID: 408872, guid: 37adc3dda480766408acc5562cac5f58, type: 2}
      propertyPath: m_LocalPosition.x
      value: 223
      objectReference: {fileID: 0}
    - target: {fileID: 408872, guid: 37adc3dda480766408acc5562cac5f58, type: 2}
      propertyPath: m_LocalPosition.y
      value: 33
      objectReference: {fileID: 0}
    - target: {fileID: 408872, guid: 37adc3dda480766408acc5562cac5f58, type: 2}
      propertyPath: m_LocalPosition.z
      value: 156
      objectReference: {fileID: 0}
    - target: {fileID: 408872, guid: 37adc3dda480766408acc5562cac5f58, type: 2}
      propertyPath: m_LocalRotation.x
      value: 0
      objectReference: {fileID: 0}
    - target: {fileID: 408872, guid: 37adc3dda480766408acc5562cac5f58, type: 2}
      propertyPath: m_LocalRotation.y
      value: 0
      objectReference: {fileID: 0}
    - target: {fileID: 408872, guid: 37adc3dda480766408acc5562cac5f58, type: 2}
      propertyPath: m_LocalRotation.z
      value: 0
      objectReference: {fileID: 0}
    - target: {fileID: 408872, guid: 37adc3dda480766408acc5562cac5f58, type: 2}
      propertyPath: m_LocalRotation.w
      value: 1
      objectReference: {fileID: 0}
    - target: {fileID: 408872, guid: 37adc3dda480766408acc5562cac5f58, type: 2}
      propertyPath: m_RootOrder
      value: 5
      objectReference: {fileID: 0}
    m_RemovedComponents: []
  m_ParentPrefab: {fileID: 100100000, guid: 37adc3dda480766408acc5562cac5f58, type: 2}
  m_IsPrefabParent: 0
--- !u!1001 &1692648432
Prefab:
  m_ObjectHideFlags: 0
  serializedVersion: 2
  m_Modification:
    m_TransformParent: {fileID: 0}
    m_Modifications:
    - target: {fileID: 428544, guid: daf43fb968b547c40a14bda91003e687, type: 2}
      propertyPath: m_LocalPosition.x
      value: 227.529205
      objectReference: {fileID: 0}
    - target: {fileID: 428544, guid: daf43fb968b547c40a14bda91003e687, type: 2}
      propertyPath: m_LocalPosition.y
      value: 1.58809662
      objectReference: {fileID: 0}
    - target: {fileID: 428544, guid: daf43fb968b547c40a14bda91003e687, type: 2}
      propertyPath: m_LocalPosition.z
      value: 137.62442
      objectReference: {fileID: 0}
    - target: {fileID: 428544, guid: daf43fb968b547c40a14bda91003e687, type: 2}
      propertyPath: m_LocalRotation.x
      value: 0
      objectReference: {fileID: 0}
    - target: {fileID: 428544, guid: daf43fb968b547c40a14bda91003e687, type: 2}
      propertyPath: m_LocalRotation.y
      value: 0
      objectReference: {fileID: 0}
    - target: {fileID: 428544, guid: daf43fb968b547c40a14bda91003e687, type: 2}
      propertyPath: m_LocalRotation.z
      value: 0
      objectReference: {fileID: 0}
    - target: {fileID: 428544, guid: daf43fb968b547c40a14bda91003e687, type: 2}
      propertyPath: m_LocalRotation.w
      value: 1
      objectReference: {fileID: 0}
    - target: {fileID: 428544, guid: daf43fb968b547c40a14bda91003e687, type: 2}
      propertyPath: m_RootOrder
      value: 2
      objectReference: {fileID: 0}
    m_RemovedComponents: []
  m_ParentPrefab: {fileID: 100100000, guid: daf43fb968b547c40a14bda91003e687, type: 2}
  m_IsPrefabParent: 0
--- !u!1 &2117148152
GameObject:
  m_ObjectHideFlags: 0
  m_PrefabParentObject: {fileID: 0}
  m_PrefabInternal: {fileID: 0}
  serializedVersion: 4
  m_Component:
  - 4: {fileID: 2117148155}
  - 218: {fileID: 2117148154}
  - 154: {fileID: 2117148153}
  m_Layer: 0
  m_Name: Terrain
  m_TagString: Untagged
  m_Icon: {fileID: 0}
  m_NavMeshLayer: 0
  m_StaticEditorFlags: 4294967295
  m_IsActive: 1
--- !u!154 &2117148153
TerrainCollider:
  m_ObjectHideFlags: 0
  m_PrefabParentObject: {fileID: 0}
  m_PrefabInternal: {fileID: 0}
  m_GameObject: {fileID: 2117148152}
  m_Material: {fileID: 0}
  m_Enabled: 1
  m_TerrainData: {fileID: 15600000, guid: 74a30dd982c1c99468c264dbce9fcf9f, type: 2}
  m_EnableTreeColliders: 1
--- !u!218 &2117148154
Terrain:
  m_ObjectHideFlags: 0
  m_PrefabParentObject: {fileID: 0}
  m_PrefabInternal: {fileID: 0}
  m_GameObject: {fileID: 2117148152}
  m_Enabled: 1
  serializedVersion: 3
  m_TerrainData: {fileID: 15600000, guid: 74a30dd982c1c99468c264dbce9fcf9f, type: 2}
  m_TreeDistance: 5000
  m_TreeBillboardDistance: 50
  m_TreeCrossFadeLength: 5
  m_TreeMaximumFullLODCount: 50
  m_DetailObjectDistance: 80
  m_DetailObjectDensity: 1
  m_HeightmapPixelError: 5
  m_SplatMapDistance: 1000
  m_HeightmapMaximumLOD: 0
  m_CastShadows: 1
  m_DrawHeightmap: 1
  m_DrawTreesAndFoliage: 1
  m_ReflectionProbeUsage: 1
  m_MaterialType: 0
  m_LegacySpecular:
    serializedVersion: 2
    rgba: 4286545791
  m_LegacyShininess: .078125
  m_MaterialTemplate: {fileID: 0}
  m_BakeLightProbesForTrees: 1
  m_ScaleInLightmap: .0511999987
  m_LightmapParameters: {fileID: 15203, guid: 0000000000000000f000000000000000, type: 0}
--- !u!4 &2117148155
Transform:
  m_ObjectHideFlags: 0
  m_PrefabParentObject: {fileID: 0}
  m_PrefabInternal: {fileID: 0}
  m_GameObject: {fileID: 2117148152}
  m_LocalRotation: {x: 0, y: 0, z: 0, w: 1}
  m_LocalPosition: {x: 0, y: 0, z: 0}
  m_LocalScale: {x: 1, y: 1, z: 1}
  m_Children: []
  m_Father: {fileID: 0}
  m_RootOrder: 7
